<record xmlns="http://www.loc.gov/MARC21/slim" xmlns:xsi="http://www.w3.org/2001/XMLSchema-instance" xsi:schemaLocation="http://www.loc.gov/MARC21/slim http://www.loc.gov/standards/marcxml/schema/MARC21slim.xsd"><leader>00000nam a22003974i 4500</leader><controlfield tag="001">9789163897498</controlfield><controlfield tag="003">FI-BTJ</controlfield><controlfield tag="005">20181129010736.2</controlfield><controlfield tag="008">181024s2018    sw ||||j     |00| f|swe|c</controlfield><datafield ind1=" " ind2=" " tag="020"><subfield code="a">9789163897498</subfield><subfield code="q">h&#229;rda p&#228;rmar</subfield></datafield><datafield ind1=" " ind2=" " tag="040"><subfield code="a">FI-BTJ</subfield><subfield code="b">swe</subfield><subfield code="e">rda</subfield></datafield><datafield ind1="0" ind2=" " tag="041"><subfield code="a">swe</subfield></datafield><datafield ind1=" " ind2=" " tag="084"><subfield code="a">85.231</subfield><subfield code="2">ykl</subfield></datafield><datafield ind1=" " ind2=" " tag="084"><subfield code="a">85.131</subfield><subfield code="2">ykl</subfield></datafield><datafield ind1=" " ind2=" " tag="091"><subfield code="a">90</subfield></datafield><datafield ind1=" " ind2=" " tag="092"><subfield code="a">85.131</subfield></datafield><datafield ind1=" " ind2=" " tag="093"><subfield code="a">85.131</subfield></datafield><datafield ind1=" " ind2=" " tag="095"><subfield code="a">2.7</subfield></datafield><datafield ind1=" " ind2=" " tag="097"><subfield code="a">85.131</subfield></datafield><datafield ind1="1" ind2=" " tag="100"><subfield code="a">Haridi, Alex,</subfield><subfield code="e">f&#246;rfattare.</subfield></datafield><datafield ind1="1" ind2="0" tag="245"><subfield code="a">Sagor fr&#229;n Mumindalen /</subfield><subfield code="c">efter 3 ber&#228;ttelser av Tove Jansson ; Alex Haridi, Cecilia Davidsson, Cecilia Heikkil&#228;.</subfield></datafield><datafield ind1=" " ind2="1" tag="264"><subfield code="a">Stockholm :</subfield><subfield code="b">Bonnier Carlsen,</subfield><subfield code="c">[2018]</subfield></datafield><datafield ind1=" " ind2=" " tag="300"><subfield code="a">89 sidor :</subfield><subfield code="b">illustrationer, kartor ;</subfield><subfield code="c">27 cm</subfield></datafield><datafield ind1=" " ind2=" " tag="336"><subfield code="a">stillbild</subfield><subfield code="b">sti</subfield><subfield code="2">rdacontent</subfield></datafield><datafield ind1=" " ind2=" " tag="336"><subfield code="a">text</subfield><subfield code="b">txt</subfield><subfield code="2">rdacontent</subfield></datafield><datafield ind1=" " ind2=" " tag="337"><subfield code="a">omedierad</subfield><subfield code="b">n</subfield><subfield code="2">rdamedia</subfield></datafield><datafield ind1=" " ind2=" " tag="338"><subfield code="a">volym</subfield><subfield code="b">nc</subfield><subfield code="2">rdacarrier</subfield></datafield><datafield ind1=" " ind2="7" tag="650"><subfield code="a">mumintroll</subfield><subfield code="2">bella</subfield></datafield><datafield ind1=" " ind2="7" tag="650"><subfield code="a">&#228;ventyr</subfield><subfield code="2">bella</subfield></datafield><datafield ind1=" " ind2="7" tag="651"><subfield code="a">Mumindalen</subfield><subfield code="2">bella</subfield></datafield><datafield ind1=" " ind2="7" tag="655"><subfield code="a">barnlitteratur</subfield><subfield code="2">slm/swe</subfield><subfield code="0">http://urn.fi/URN:NBN:fi:au:slm:s1181</subfield></datafield><datafield ind1=" " ind2="7" tag="655"><subfield code="a">bilderb&#246;cker</subfield><subfield code="2">slm/swe</subfield><subfield code="0">http://urn.fi/URN:NBN:fi:au:slm:s739</subfield></datafield><datafield ind1=" " ind2="7" tag="655"><subfield code="a">ber&#228;ttelser</subfield><subfield code="2">slm/swe</subfield><subfield code="0">http://urn.fi/URN:NBN:fi:au:slm:s618</subfield></datafield><datafield ind1=" " ind2="7" tag="655"><subfield code="a">sagor</subfield><subfield code="2">slm/swe</subfield><subfield code="0">http://urn.fi/URN:NBN:fi:au:slm:s1165</subfield></datafield><datafield ind1=" " ind2="7" tag="655"><subfield code="a">sk&#246;nlitteratur</subfield><subfield code="2">slm/swe</subfield><subfield code="0">http://urn.fi/URN:NBN:fi:au:slm:s975</subfield></datafield><datafield ind1="1" ind2=" " tag="700"><subfield code="i">Inneh&#229;ller (verk):</subfield><subfield code="a">Haridi, Alex.</subfield><subfield code="t">V&#228;gen till Mumindalen.</subfield></datafield><datafield ind1="1" ind2=" " tag="700"><subfield code="i">Inneh&#229;ller (verk):</subfield><subfield code="a">Haridi, Alex.</subfield><subfield code="t">Mumintrollen och den magiska hatten.</subfield></datafield><datafield ind1="1" ind2=" " tag="700"><subfield code="i">Inneh&#229;ller (verk):</subfield><subfield code="a">Haridi, Alex.</subfield><subfield code="t">Mumintrollen p&#229; hattifnattarnas &#246;.</subfield></datafield><datafield ind1="1" ind2=" " tag="700"><subfield code="i">Verk baserat p&#229;:</subfield><subfield code="a">Jansson, Tove.</subfield><subfield code="t">Sm&#229;trollen och den stora &#246;versv&#228;mningen.</subfield></datafield><datafield ind1="1" ind2=" " tag="700"><subfield code="i">Verk baserat p&#229;:</subfield><subfield code="a">Jansson, Tove.</subfield><subfield code="t">Trollkarlens hatt.</subfield></datafield><datafield ind1="1" ind2=" " tag="700"><subfield code="a">Davidsson, Cecilia,</subfield><subfield code="e">f&#246;rfattare.</subfield></datafield><datafield ind1="1" ind2=" " tag="700"><subfield code="a">Heikkil&#228;, Cecilia,</subfield><subfield code="e">konstn&#228;r.</subfield></datafield><datafield ind1=" " ind2=" " tag="852"><subfield code="x">Helsingin luokanmuutos 28.4.2026</subfield></datafield></record>